% Encoding: UTF-8

@Book{Aalst2016,
  author       = {van der Aalst, W. M. P.},
  title        = {Process Mining: Data Science in Action},
  year         = {2016},
  publisher    = {Springer},
  address      = {Berlin, Heidelberg},
  edition      = {2nd},
  doi          = {10.1007/978-3-662-49851-4},
}

@Book{Dumas2018,
  author       = {Dumas, M. and La Rosa, M. and Mendling, J. and Reijers, H. A.},
  title        = {Fundamentals of Business Process Management},
  year         = {2018},
  publisher    = {Springer},
  edition      = {2nd},
  doi          = {10.1007/978-3-662-56509-4},
}

@Book{Weske2019,
  author       = {Weske, M.},
  title        = {Business Process Management: Concepts, Languages, Architectures},
  year         = {2019},
  publisher    = {Springer},
  edition      = {3rd},
  doi          = {10.1007/978-3-662-59431-5},
}
@article{Janiesch2012,
  author       = {Janiesch, C. and Matzner, M. and MÃ¼ller, O.},
  title        = {Beyond Process Monitoring: A Proof-of-Concept of Event-driven Business Activity Management},
  journal      = {Business Process Management Journal},
  volume       = {18},
  year         = {2012},
  month        = {07},
  pages        = {625-643},
  doi          = {10.1108/14637151211253765}
}

@Article{Weber2018,
  author       = {Weber, I. and Nguyen, S. and Pautasso, C.},
  title        = {The Role of Middleware for Systematic Governance in Service-based Applications},
  journaltitle = {Future Generation Computer Systems},
  year         = {2018},
  volume       = {78},
  pages        = {765--775},
  doi          = {10.1016/j.future.2017.03.033},
}

@Book{Harmon2014,
  author       = {Harmon, P.},
  title        = {Business Process Change: A Business Process Management Guide for Managers and Process Professionals},
  year         = {2014},
  publisher    = {Morgan Kaufmann},
  edition      = {3rd},
  address      = {Burlington, MA},
  isbn         = {9780128003879},
}


@Comment{jabref-meta: databaseType:biblatex;}
